<?xml version="1.0" encoding="UTF-8"?><collection xmlns="http://www.loc.gov/MARC21/slim"><record><leader>00441nam--2200145-i-4500</leader><controlfield tag="001">000043531</controlfield><controlfield tag="002">20161230</controlfield><controlfield tag="005">20161230201044</controlfield><controlfield tag="008">060222s1000------------r-----000-0-eng-d</controlfield><datafield ind1=" " ind2=" " tag="080"><subfield code="a">541.15</subfield></datafield><datafield ind1=" " ind2=" " tag="100"><subfield code="a">Tominaga,Takeshi And Tachikawa,Enzo</subfield></datafield><datafield ind1=" " ind2=" " tag="245"><subfield code="a">Modern hot-atom chemistry and its applications. with 57 fig.and 34 tables</subfield></datafield><datafield ind1=" " ind2=" " tag="260"><subfield code="a">Berlin, Springer-verlag, 1981. Viii + 154 P</subfield></datafield><datafield ind1=" " ind2=" " tag="490"><subfield code="a">Inorganic Chemistry Concepts</subfield></datafield><datafield ind1=" " ind2=" " tag="852"><subfield code="a">46880</subfield></datafield></record></collection>